<record><leader>00000cas a22000007a 4500</leader><controlfield tag="001">10075484</controlfield><controlfield tag="008">831031d18861887ksuwr ne      0   a0eng d</controlfield><datafield ind1=" " ind2=" " tag="010"><subfield code="a">sn 83040750 </subfield></datafield><datafield ind1=" " ind2=" " tag="040"><subfield code="a">KSH</subfield><subfield code="b">eng</subfield><subfield code="c">KSH</subfield><subfield code="d">NPT</subfield><subfield code="d">OCLCQ</subfield></datafield><datafield ind1=" " ind2=" " tag="042"><subfield code="a">msc</subfield></datafield><datafield ind1=" " ind2=" " tag="043"><subfield code="a">n-us-ks</subfield></datafield><datafield ind1="0" ind2="0" tag="245"><subfield code="a">Wano plain dealer.</subfield></datafield><datafield ind1=" " ind2=" " tag="260"><subfield code="a">Wano, Kan. :</subfield><subfield code="b">D.W. Burt,</subfield><subfield code="c">-1887.</subfield></datafield><datafield ind1=" " ind2=" " tag="300"><subfield code="a">v. :</subfield><subfield code="b">ill. (chiefly advertisements) ;</subfield><subfield code="c">59 cm.</subfield></datafield><datafield ind1=" " ind2=" " tag="310"><subfield code="a">Weekly</subfield></datafield><datafield ind1="0" ind2=" " tag="362"><subfield code="a">-v. 2, no. 2 (Dec. 15, 1887).</subfield></datafield><datafield ind1="1" ind2=" " tag="362"><subfield code="a">Began in 1886.</subfield><subfield code="z">Cf. Ayer, 1887.</subfield></datafield><datafield ind1=" " ind2=" " tag="500"><subfield code="a">Published in St. Francis, Dec. 8-15, 1887.</subfield></datafield><datafield ind1=" " ind2=" " tag="500"><subfield code="a">Published on Thursday.</subfield></datafield><datafield ind1=" " ind2=" " tag="500"><subfield code="a">Editor: D.W. Burt.</subfield></datafield><datafield ind1=" " ind2=" " tag="525"><subfield code="a">Supplements accompany some issues.</subfield></datafield><datafield ind1=" " ind2=" " tag="530"><subfield code="a">Available on microfilm from Micro Photo.</subfield></datafield><datafield ind1=" " ind2=" " tag="588"><subfield code="a">Description based on: Vol. 1, no. 4 (Dec. 30, 1886).</subfield></datafield><datafield ind1="1" ind2=" " tag="700"><subfield code="a">Burt, D. W.</subfield></datafield><datafield ind1=" " ind2=" " tag="752"><subfield code="a">United States</subfield><subfield code="b">Kansas</subfield><subfield code="c">Cheyenne</subfield><subfield code="d">Wano.</subfield></datafield><datafield ind1=" " ind2=" " tag="752"><subfield code="a">United States</subfield><subfield code="b">Kansas</subfield><subfield code="c">Cheyenne</subfield><subfield code="d">St. Francis.</subfield></datafield><datafield ind1="0" ind2="0" tag="785"><subfield code="t">Plaindealer (St. Francis, Kan.)</subfield><subfield code="w">(DLC)sn 83040753</subfield></datafield></record>